@article{exactmle,
  title         = "Exact Maximum Likelihood Estimation Using Masked System Data",
  author        = "Lin, D. and Usher, J. and Guess, F."
}

@article{agustin,
  title         = "Systems in Series",
  author        = "Marcus Agustin"
}

@article{reliability,
  title         = "Estimating Component Reliabilities from Incomplete System Failure Data",
  author        = "Huairui Guo and Ferenc Szidarovszky and Pengying Niu",
  year          = "2013",
  journal       = "IEEE"
  
}

@inbook{bickel,
  author        = "Peter Bickel and Kjell Doksum",
  title         = "Mathematical Statistics",
  chapter       = "2",
  pages         = "117",
  publisher     = "Prentice Hall",
  year          = "2000",
  volume        = "1",
  edition       = "2"}