@Manual{Alex-RPackage-AlgebraicMLE,
  title = {Algebraic Maximum Likelihood Estimators},
  author = {Alexander Towell},
  year = {2023},
  note = {R package version 0.9},
  url = {https://queelius.github.io/algebraic.mle/},
}

@article{Amma-2001,
	author = {Sarhan, Ammar M.},
	doi = {10.1016/s0951-8320(01)00072-2},
	issue = {1},
	journal = {Reliability Engineering \& System Safety},
	localfile = {libgen.li/file.php?md5=b8cdf1969db7c320de73eac8d1f2e3d0},
	month = oct,
	number = {1},
	page = {107--113},
	pages = {107--113},
	title = {Reliability estimations of components from masked system life data},
	volume = {74},
	year = {2001}
}

@article{Usher-1988,
	author = {Usher, J.S. and Hodgson, T.J.},
	doi = {10.1109/24.9880},
	issue = {5},
	journal = {IEEE Transactions on Reliability},
	number = {5},
	page = {550--555},
	pages = {550-555},
	title = {Maximum likelihood analysis of component reliability using masked system life-test data},
	url = {libgen.li/file.php?md5=76c78e0f0d6c593ccc7c99dedf662a57},
	volume = {37},
	year = {1988}
}

@article{Lin-1993,
	author = {Usher, J.S. and Lin, D.K.J. and Guess, F.M.},
	doi = {10.1109/24.273596},
	issue = {4},
	journal = {IEEE Transactions on Reliability},
	number = {4},
	page = {631--635},
	pages = {631-635},
	title = {Exact maximum likelihood estimation using masked system data},
	url = {libgen.li/file.php?md5=f371b21d5b01d053050b9f372484fe0d},
	volume = {42},
	year = {1993}
}

@article{Usher-1996,
	author = {Usher, J.S.},
	doi = {10.1109/24.510806},
	issn = {0018-9529,1558-1721},
	issue = {2},
	journal = {IEEE Transactions on Reliability},
	month = {jun},
	number = {2},
	pages = {229--232},
	publisher = {IEEE},
	title = {Weibull component reliability-prediction in the presence of masked data},
	url = {http://doi.org/10.1109/24.510806},
	volume = {45},
	year = {1996}
}

@article{Lin-1996,
	author = {Lin, D.K.J. and Usher, J.S. and Guess, F.M.},
	doi = {10.1109/24.510807},
	issue = {2},
	journal = {IEEE Transactions on Reliability vol. 45 iss. 2},
	localfile = {libgen.li/file.php?md5=82df27d5cdf5f302210608ef03365758},
	month = {jun},
	number = {2},
	page = {233--237},
	pages = {233--237},
	title = {Bayes estimation of component-reliability from masked system-life data},
	volume = {45},
	year = {1996}
}

@article{Fran-1991,
	author = {Guess, Frank M. and Hodgson, Thom J. and Usher, John S.},
	doi = {10.1016/0378-3758(92)90123-a},
	issue = {1-2},
	journal = {Journal of Statistical Planning and Inference},
	month = {sep},
	pages = {75--85},
	title = {Estimating system and component reliabilities under partial information on cause of failure},
	url = {libgen.li/file.php?md5=ac54bdac9dbec6abfdfd63066c1cfad6},
	volume = {29},
	year = {1991}
}

@article{Huairu-2013,
	author = {Guo, Huairui and Niu, Pengying and Szidarovszky, F.},
	doi = {10.1109/rams.2013.6517765},
	isbn = {9781467347112; 1467347116; 9781467347099; 1467347094; 9781467347105; 1467347108},
	journal = {Annual Reliability and Maintainability Symposium (RAMS)},
	localfile = {libgen.li/file.php?md5=4d10a949ef0af6d2a99fc79cf494d05a},
	month = {jan},
	pages = {1--6},
	publisher = {IEEE},
	title = {Estimating component reliabilities from incomplete system failure data},
	year = {2013}
}

@article{Zhibi-2007,
	author = {Tan, Zhibin},
	doi = {10.1016/j.ress.2005.12.010},
	issue = {2},
	journal = {Reliability Engineering \& System Safety},
	month = {feb},
	number = {2},
	pages = {223--230},
	title = {Estimation of exponential component reliability from uncertain life data in series and parallel systems},
	url = {libgen.li/file.php?md5=5369529ad068d1a9a3b3540410e6a098},
	volume = {92},
	year = {2007}
}

@article{Zhibi-2005,
	author = {Tan, Zhibin},
	doi = {10.1016/j.ress.2004.08.013},
	issue = {3},
	journal = {Reliability Engineering \& System Safety vol. 88 iss. 3},
	localfile = {libgen.li/file.php?md5=773d19619dfdb3c788d319955c6b86d5},
	month = {jun},
	number = {3},
	pages = {301--309},
	title = {Estimation of component failure probability from masked binomial system testing data},
	volume = {88},
	year = {2005}
}

@article{Amma-2004,
	author = {Sarhan, Ammar M.},
	doi = {10.1016/s0096-3003(03)00335-7},
	journal = {Applied Mathematics and Computation},
	month = {mar},
	number = {1},
	pages = {233--249},
	title = {Parameter estimations in linear failure rate model using masked data},
	url = {libgen.li/file.php?md5=1efb5dc9f785f2d6968954a2c99ccf8b},
	volume = {151},
	year = {2004}
}

@article{Joh-1989,
	author = {F.G., Guess and J.S., Usher},
	doi = {10.1002/qre.4680050403},
	journal = {Quality and Reliability Engineering International},
	month = {oct},
	number = {4},
	pages = {257--261},
	title = {An iterative approach for estimating component reliability from masked system life data},
	url = {libgen.li/file.php?md5=9ec232ecdb76c8366edd03587524213b},
	volume = {5},
	year = {1989}
}

@article{agustin,
	author = {Agustin, Marcus},
	title = {Systems in Series}
}

@inbook{bickel,
	author = {Bickel, Peter and Doksum, Kjell},
	chapter = {2},
	edition = {2},
	pages = {117},
	publisher = {Prentice Hall},
	title = {Mathematical Statistics},
	volume = {1},
	year = {2000}
}

@article{bain,
	author = {Engelhardt, Bain},
	edition = {Second},
	isbn = {0-534-92930-3},
	pages = {294},
	publisher = {Duxbury Press},
	title = {Introduction to Probability and Mathematical Statistics},
	year = {1992}
}

@book{efron1994introduction,
  title={An introduction to the bootstrap},
  author={Efron, Bradley and Tibshirani, Robert J},
  year={1994},
  publisher={CRC press}
}

@book{casella2002statistical,
  title={Statistical Inference},
  author={Casella, George and Berger, Roger L},
  year={2002},
  publisher={Duxbury Advanced Series}
}

@book{klein2005survival,
  title={Survival analysis: techniques for censored and truncated data},
  author={Klein, John P and Moeschberger, Melvin L},
  year={2005},
  publisher={Springer Science \& Business Media}
}
